/home/gnawux/texmf/bibtex/bib/gnawuxref.bib